<record><leader>00000cas a22000007a 4500</leader><controlfield tag="001">12146834</controlfield><controlfield tag="008">850612d183818uualuwr ne      0    0eng d</controlfield><datafield ind1=" " ind2=" " tag="010"><subfield code="a">sn 85044658 </subfield></datafield><datafield ind1=" " ind2=" " tag="040"><subfield code="a">CPN</subfield><subfield code="b">eng</subfield><subfield code="c">CPN</subfield><subfield code="d">FUG</subfield><subfield code="d">OCL</subfield><subfield code="d">OCLCQ</subfield><subfield code="d">OCLCF</subfield><subfield code="d">OCLCO</subfield></datafield><datafield ind1=" " ind2=" " tag="042"><subfield code="a">msc</subfield></datafield><datafield ind1=" " ind2=" " tag="043"><subfield code="a">n-us-al</subfield></datafield><datafield ind1="0" ind2="0" tag="245"><subfield code="a">Cahawba democrat.</subfield></datafield><datafield ind1=" " ind2=" " tag="260"><subfield code="a">Cahawba, Ala. :</subfield><subfield code="b">W.L Yancey</subfield></datafield><datafield ind1=" " ind2=" " tag="300"><subfield code="a">v. ;</subfield><subfield code="c">52-55 cm.</subfield></datafield><datafield ind1=" " ind2=" " tag="310"><subfield code="a">Weekly</subfield></datafield><datafield ind1="1" ind2=" " tag="362"><subfield code="a">Began in July 1838.</subfield><subfield code="z">Ellison, R.C. Hist. and bibl. of Ala. newspapers in the nineteenth century.</subfield></datafield><datafield ind1=" " ind2=" " tag="500"><subfield code="a">Editors: W.L. Yancey, &lt;1838-1839&gt;; Will E. Bird, &lt;1840&gt;.</subfield></datafield><datafield ind1=" " ind2=" " tag="588"><subfield code="a">Description based on: Vol. 3, no. 106 (July 21, 1838).</subfield></datafield><datafield ind1=" " ind2="0" tag="651"><subfield code="a">Cahaba (Ala.)</subfield><subfield code="v">Newspapers.</subfield></datafield><datafield ind1=" " ind2="0" tag="651"><subfield code="a">Dallas County (Ala.)</subfield><subfield code="v">Newspapers.</subfield></datafield><datafield ind1=" " ind2="7" tag="655"><subfield code="a">Newspapers.</subfield><subfield code="2">fast</subfield><subfield code="0">(OCoLC)fst01423814</subfield></datafield><datafield ind1=" " ind2="7" tag="651"><subfield code="a">Alabama</subfield><subfield code="z">Cahaba.</subfield><subfield code="2">fast</subfield><subfield code="0">(OCoLC)fst01222158</subfield></datafield><datafield ind1=" " ind2="7" tag="651"><subfield code="a">Alabama</subfield><subfield code="z">Dallas County.</subfield><subfield code="2">fast</subfield><subfield code="0">(OCoLC)fst01207055</subfield></datafield><datafield ind1=" " ind2=" " tag="752"><subfield code="a">United States</subfield><subfield code="b">Alabama</subfield><subfield code="c">Dallas</subfield><subfield code="d">Cahaba.</subfield></datafield><datafield ind1="0" ind2="0" tag="780"><subfield code="t">Southern democrat (Cahaba, Ala.)</subfield><subfield code="w">(DLC)sn 86050243</subfield></datafield></record>